<?xml version="1.0" encoding="UTF-8"?><collection xmlns="http://www.loc.gov/MARC21/slim"><record><leader>00446nam--2200181-i-4500</leader><controlfield tag="001">000041012</controlfield><controlfield tag="002">20161230</controlfield><controlfield tag="005">20161230201042</controlfield><controlfield tag="008">060222s1000------------r-----000-0-rus-d</controlfield><datafield ind1=" " ind2=" " tag="040"><subfield code="a">IFIN-HH</subfield></datafield><datafield ind1=" " ind2=" " tag="041"><subfield code="a">rus</subfield></datafield><datafield ind1=" " ind2=" " tag="080"><subfield code="a">539.1(081)</subfield></datafield><datafield ind1="1" ind2=" " tag="100"><subfield code="a">Mamasahlisov, V.I</subfield></datafield><datafield ind1="1" ind2="0" tag="245"><subfield code="a">Izbrannie trudi</subfield><subfield code="c">V.i. mamasahlisov</subfield></datafield><datafield ind1=" " ind2=" " tag="260"><subfield code="a">Tibilisi</subfield><subfield code="b">Izdatelstvo Metniereba</subfield><subfield code="c">1976</subfield></datafield><datafield ind1=" " ind2=" " tag="300"><subfield code="a">369P</subfield></datafield><datafield ind1=" " ind2=" " tag="852"><subfield code="a">43900</subfield><subfield code="c">539</subfield></datafield><datafield ind1=" " ind2=" " tag="CAT"><subfield code="a">Sys</subfield><subfield code="c">20111011</subfield><subfield code="h">114849</subfield></datafield></record></collection>